
@misc{projectPaper,
 author = {Evan Shelhamer, Jonathan Long and Trevor Darrell},
 title = {Fully Convolutional Networks for Semantic Segmentation},
 note = {\href{https://arxiv.org/pdf/1605.06211.pdf}{Original material}},
 year = 2016
}

@misc{pascal-voc-2011,
	author = "Everingham, M. and Van~Gool, L. and Williams, C. K. I. and Winn, J. and Zisserman, A.",
	title = "The {PASCAL} {V}isual {O}bject {C}lasses {C}hallenge 2011 {(VOC2011)} {R}esults",
	howpublished = "http://www.pascal-network.org/challenges/VOC/voc2011/workshop/index.html"}

@InProceedings{BharathICCV2011,
	author = "Bharath Hariharan and Pablo Arbelaez and Lubomir Bourdev and Subhransu Maji and Jitendra Malik",
	title = "Semantic Contours from Inverse Detectors",
	booktitle = "International Conference on Computer Vision (ICCV)",
	year = "2011",
}

@InProceedings{carvana,
	author = "Carvana",
	title = "Carvana Image Masking Challenge",
	howpublished = "https://www.kaggle.com/c/carvana-image-masking-challenge/data"}

@misc{weights,
	author = "Karen Simonyan, Andrew Zisserman",
	title = "arXiv:1409.1556",
	howpublished = "https://arxiv.org/pdf/1409.1556.pdf"}




@article{Alpher02,
author = {FirstName Alpher},
title = {Frobnication},
journal = {Journal of Foo},
volume = 12, 
number = 1, 
pages = {234--778}, 
year = 2002
}

@article{Alpher03,
author = {FirstName Alpher and  FirstName Fotheringham-Smythe},
title = {Frobnication revisited},
journal = {Journal of Foo},
volume = 13, 
number = 1, 
pages = {234--778}, 
year = 2003
}

@article{Alpher04,
author = {FirstName Alpher and FirstName Fotheringham-Smythe and FirstName Gamow},
title = {Can a machine frobnicate?},
journal = {Journal of Foo},
volume = 14, 
number = 1, 
pages = {234--778}, 
year = 2004
}
